@article{edu-improve,
  title={Inexpensive techniques to improve education: Applying cognitive psychology to enhance educational practice},
  author={Roediger, Henry L. and Pyc, Mary A.},
  journal={Journal of Applied Research in Memory and Cognition},
  volume={1},
  number={4},
  pages={242--248},
  year={2012},
  publisher={Elsevier}
}

@incollection{questions-eval,
title={Pedagogical Evaluation of Automatically Generated Questions},
year={2014},
isbn={978-3-319-07220-3},
booktitle={Intelligent Tutoring Systems},
volume={8474},
series={Lecture Notes in Computer Science},
editor={Trausan-Matu, Stefan and Boyer, Kristy Elizabeth and Crosby, Martha and Panourgia, Kitty},
doi={10.1007/978-3-319-07221-0_36},
publisher={Springer International Publishing},
author={Mazidi, Karen and Nielsen, Rodney D.},
pages={294-299},
}

@article{questions-wolfe,
 title = {Automatic Question Generation from Text - an Aid to Independent Study},
 author = {Wolfe, John H.},
 journal = {SIGCUE Outlook},
 issue_date = {February 1976},
 volume = {10},
 number = {SI},
 year = {1976},
 pages = {104--112},
 doi = {10.1145/953026.803459},
 publisher = {ACM},
 address = {New York, NY, USA},
}

@article{triples-acquisition,
  title={Acquisition of Triples of Knowledge from Lecture Notes: A Natural Language Processing Approach},
  author={Atapattu, Thushari and Falkner, Katrina and Falkner, Nickolas},
  year = {2014},
  journal = {Proceedings of the 7th International Conference on Educational Data Mining},
  editor={Stamper, J. and Pardos, Z. and Mavrikis, M. and McLaren, B.M.},
  pages = {193--196},
}

@article{dbpedia,
  title={DBpedia--A large-scale, multilingual knowledge base extracted from Wikipedia},
  author={Lehmann, Jens and Isele, Robert and Jakob, Max and Jentzsch, Anja and Kontokostas, Dimitris and Mendes, Pablo N and Hellmann, Sebastian and Morsey, Mohamed and van Kleef, Patrick and Auer, S{\"o}ren and others},
  journal={Semantic Web Journal},
  year={2014},
  publisher={IOS Press}
}

@book{semantic-web,
  title={Programming the semantic web},
  author={Segaran, Toby and Evans, Colin and Taylor, Jamie},
  year={2009},
  publisher={O'Reilly Media, Inc.}
}

@online{smartoo-github,
	author = {Tom치코 Effenberger},
	title = {Smartoo},
	subtitle = {Source Code Repository},
	year = {2015},
	url = {http://github.com/effa/smartoo},
	urldate = {2015-04-01},
}

@online{smartoo-web,
	author = {Tom치코 Effenberger},
	title = {Smartoo},
	subtitle = {Web Application},
	year = {2015},
	url = {http://smartoo.thran.cz},
	urldate = {2015-04-01},
}
